<record><leader>00000cas a22000007a 4500</leader><controlfield tag="001">32046737</controlfield><controlfield tag="008">950224d19361972ncuwr ne      0    0eng d</controlfield><datafield ind1=" " ind2=" " tag="010"><subfield code="a">sn 95072281 </subfield></datafield><datafield ind1=" " ind2=" " tag="040"><subfield code="a">NVJ</subfield><subfield code="b">eng</subfield><subfield code="c">NVJ</subfield><subfield code="d">OCLCQ</subfield></datafield><datafield ind1=" " ind2=" " tag="042"><subfield code="a">msc</subfield></datafield><datafield ind1="0" ind2="4" tag="245"><subfield code="a">The Yancey record.</subfield></datafield><datafield ind1="1" ind2="7" tag="246"><subfield code="a">Yancey record and Mitchell ledger</subfield><subfield code="f">Dec. 30, 1971-Apr. 13, 1972</subfield></datafield><datafield ind1="1" ind2="0" tag="246"><subfield code="a">Mitchell ledger</subfield></datafield><datafield ind1=" " ind2=" " tag="260"><subfield code="a">Burnsville, N.C. :</subfield><subfield code="b">Dover R. Fouts, et al.</subfield></datafield><datafield ind1=" " ind2=" " tag="300"><subfield code="a">v.</subfield></datafield><datafield ind1=" " ind2=" " tag="310"><subfield code="a">Weekly</subfield></datafield><datafield ind1="0" ind2=" " tag="362"><subfield code="a">Vol. 1, no. 1 (Aug. 12, 1936)-v. 36, no. 14 (Apr. 13, 1972).</subfield></datafield><datafield ind1=" " ind2=" " tag="752"><subfield code="a">United States</subfield><subfield code="b">North Carolina</subfield><subfield code="c">Yancey</subfield><subfield code="d">Burnsville.</subfield></datafield><datafield ind1="0" ind2="4" tag="785"><subfield code="t">Yancey journal</subfield><subfield code="w">(DLC)sn 95072283</subfield></datafield></record>